@book{book,
	title       = {Walnut, David $\mathrm{F}$. An introduction to wavelet analysis  p. cm. (Applied and numerical harmonic analysis) Includes bibliographical references and index. ISBN $0-8176-3962-4$ (alk. paper).)},
	author      = {David F. Walnut},
	publisher   = {},
	year        = {1999}
}
	
